@TechReport{ABCC94,
  author = 	 {D. Applegate and R.E. Bixby and V. Chv{\'a}tal and W. Cook},
  title = 	 {Finding cuts in the TSP (a preliminary report)},
  year = 	 {1994},
}

@ARTICLE(BCC93a,
  AUTHOR = {Egon Balas and Sebastian Ceria and Gerard Cornu{\'e}jols},
  YEAR   = {1993},
  TITLE  = {A lift-and-project cutting plane algorithm for mixed 0-1 programs},
  JOURNAL = {Mathematical Programming},
  VOLUME  = {58},
  PAGES   = {295--324},
)
		  
@INPROCEEDINGS(BCC93b,
  AUTHOR = {Egon Balas and Sebastian Ceria and Gerard Cornu{\'e}jols},
  YEAR   = {1993},
  TITLE  = {Solving mixed 0-1 programs by a lift-and-project method},
  BOOKTITLE = {Proceedings of the Fourth Annual ACM-SIAM {S}ymposium on 
               {D}iscrete {A}lgorithms},
  PAGES = {232--242},
)		  

@TECHREPORT(BCC94,
  AUTHOR = {Egon Balas and Sebastian Ceria and Gerard Cornu{\'e}jols},
  YEAR   = {1994},
  TITLE  = {Mixed 0-1 programming by lift-and-project in a branch-and-cut
            framework},
  INSTITUTION = {Management Science Research Report MSRR-603, GSIA, Carnegie Mellon
                 University, Pittsburgh},
)

@ARTICLE(BCCN96,
  AUTHOR = {Egon Balas and Sebastian Ceria and Gerard Cornu{\'e}jols and 
            N.R. Natraj},
  YEAR   = {1996},
  TITLE  = {Gomory cuts revisited},
  JOURNAL = {OR Letters},
  VOLUME  = {19},
  PAGES   = {1--10},
)

@Article{BCQW93,
  author = 	 {S.C. Boyd and W.H. Cunnigham and M. Queyranne and Y. Wang},
  title = 	 {Ladders for the traveling salesman},
  journal = 	 {SIAM Journal on Optimization},
  year = 	 {1993},
  volume = 	 {},
  OPTpages = 	 {},
}

@TECHREPORT(BKSA95a,
  AUTHOR = {J.E. Beasley and M. Krishnamoorthy and Y.M. Shareiha and 
            D. Abramson},
  YEAR = {1995},
  TITLE = {Scheduling aircraft landings---the static case},
  INSTITUTION = {The Managment School, Imperial College, London, England},
)  
  

@TECHREPORT(BKSA95b,
  AUTHOR = {J.E. Beasley and M. Krishnamoorthy and Y.M. Shareiha and 
            D. Abramson},
  YEAR = {1995},
  TITLE = {Scheduling aircraft landings---the displacement problem},
  INSTITUTION = {The Managment School, Imperial College, London, England},
)

@ARTICLE(Bay72,
  AUTHOR = {R. Bayer},
  YEAR   = {1972},
  TITLE =  {Symmetric binary $b$-trees: Data structure and maintenance
 		  algorithms},
  JOURNAL = {Acta Informatica},
  VOLUME = {1},
  PAGES = {290--306},
)

@MANUAL(Ber95,
  AUTHOR = {M.R.C.M. Berkelaar},
  YEAR = {1995},
  TITLE = {lp\_solve 2.0},
  NOTE = {ftp://ftp.es.ele.tue.nl/pub/lp\_solve},
)

@BOOK(Boo94,
  AUTHOR = {G. Booch},
  YEAR   = {1994},
  TITLE = {Object-oriented analysis and design with applications},
  PUBLISHER = {The Benjamin Cummings Publishing Company, Redwood City,
		  California},
)

@Article{CFN85,
  author = 	 {G{\'e}rard Cornu{\'e}jols and Jean Fonlupt and Denis Naddef},
  title = 	 {The traveling salesman problem on a graph and some related
                  polyhedra},
  journal = 	 {Mathematical Programming},
  year = 	 {1985},
  volume = 	 {33},
  pages = 	 {1--27},
}

@INPROCEEDINGS(CJKMR97,
  AUTHOR= {Thomas Christof and Michael J{\"u}nger and John Kececioglu 
           and Petra Mutzel and Gerhard Reinelt},
  YEAR={1997},
  TITLE={A branch-and-cut approach to physical mapping with end-probes},
  BOOKTITLE={First Annual International Conference on Computational 
    Molecular Biology},
  PUBLISHER={ACM},
)


  
@BOOK(CLR90,
  AUTHOR = {T.H. Cormen and C.E. Leiserson and R.L. Rivest},
  YEAR = {1990},
  TITLE = {Introduction to algorithms},
  PUBLISHER = {MIT Press, Cambridge},
)

@InProceedings(CN93,
  author = 	 {Jean Maurice Clochard and Denis Naddef},
  title = 	 {Using path inequalities in a branch-and-cut code for the 
                  symmetric traveling salesman problem},
  booktitle = 	 {Proceedings on the Third IPCO Conference},
  editor = 	 {Lawrence Wolsey and Giovanni Rinaldi},
  year = 	 {1993},
  pages = 	 {291--311},
)

@ARTICLE(CP80,
  AUTHOR = {H. Crowder and Manfred W. Padberg},
  YEAR = {1980},
  TITLE = {Solving large scale symmetric traveling salesman problesm to 
           optimality},
  JOURNAL = {Management Science},
  VOLUME = {26},
  PAGES = {495--509},
)

@MANUAL(Cpl94,
  AUTHOR = {Cplex},
  TITLE  = {Using the Cplex Callable Library and Cplex Mixed Integer Library},
  YEAR   = {1994},
  ORGANIZATION = {Cplex Optimization, Inc},
)

@MANUAL(Cpl95,
  AUTHOR = {Cplex},
  TITLE  = {Using the Cplex Callable Library},
  YEAR   = {1995},
  ORGANIZATION = {Cplex Optimization, Inc},
)

@MANUAL(Cpl97,
  AUTHOR = {Cplex},
  TITLE  = {Using the Cplex Callable Library},
  YEAR   = {1997},
  ORGANIZATION = {Cplex Optimization, Inc},
)

@MANUAL(Dash,
  AUTHOR = {Dash Associates},
  TITLE  = {{XPRESS-MP} Optimisation Subroutine Library {XOSL}
		  Reference Manual (Release 10)},
  YEAR   = {1997},
  ORGANIZATION = {Dash Associates},
)

@INCOLLECTION(DDSS95,
  AUTHOR = {J. Desrosiers and Y. Dumas and M.M. Solomon and F. Soumis},
  YEAR = {1995},
  TITLE = {Time constrained routing and scheduling},
  EDITOR = {M.~Ball and T.~Magnanti and C.L.~Monma and G.L.~Nemhauser},
  BOOKTITLE = {Network Routing},
  SERIES = {Handbook on operations research and management sciences},
  VOLUME    = 8,
  PUBLISHER = {North Holland},
  ADDRESS   = {Amsterdam},
  PAGES     = {35--140},
)

@ARTICLE(DFJ54,
  AUTHOR = {George B. Dantzig and D. Ray Fulkerson and Selmer M. Johnson},
  YEAR = {1954},
  TITLE = {Solution of a large scale traveling salesman problem},
  JOURNAL = {Operations Research},
  VOLUME = {2},
  PAGES = {393--410},
)

@MANUAL(Das95,
  ORGANIZATION = {Dash Associates},
  YEAR = {1995},
  TITLE = {XPRESS-MP, Optimisation Subroutine Library},
)
		  
@BOOK(ES92,
  AUTHOR = {M.A. Ellis and B. Stroustrup},
  YEAR   = {1992},
  TITLE  = {The annotated {C$++$} reference manual},
  PUBLISHER = {Addison Wesley, Reading, Massachusetts},
)

@INPROCEEDINGS(FR96,
  AUTHOR = {Meinrad Funke and Gerhard Reinelt},
  TITLE = {A Polyhedral Approach to the Feedback Vertex Set},
  BOOKTITLE = { 
   Integer Programming and Combinatorial Optimization
   (5th International IPCO Conference, Vancouver, Canada, June 1996, 
    Proceedings)},
  EDITOR = {W.H. Cunningham and S.T. McCormick and M. Queyranne},
  SERIES = {Lecture Notes in Computer Science},
  VOLUME = {1084},
  PUBLISHER = {Springer Verlag},
  PAGES = {445--459},
  YEAR = {1996},
)

@ARTICLE(GH91,
  AUTHOR = {Martin Gr{\"o}tschel and Olaf Holland},
  YEAR = {1991},
  TITLE = {Solution of large scale symmetric traveling salesman problems},
  JOURNAL = {Mathematical Programming},
  VOLUME = {51},
  PAGES = {141--202},
)

@BOOK(GOP90,
  AUTHOR = {K.E. Gorlen and S.M. Orlow and P.S. Plexico},
  YEAR = {1990}, 
  TITLE = {Data abstraction and object-oriented programming in C++},
  PUBLISHER = {John Wiley \& Sons},
)

@INCOLLECTION(GR78,
  AUTHOR = {Martin Gr{\"o}tschel and Manfred W. Padberg},
  YEAR = {1978},
  TITLE = {On the symmetric traveling salesman problem: theory and computations},
  EDITOR= {R. Henn et al.},
  BOOKTITLE={Optimization and Operations Research},
  SERIES={Lecture notes in economics and mathematical systems},
  VOLUME={157},
  PUBLISHER={Springer},
  ADDRESS = {Berlin},
  PAGES = {105--115},
)

@ARTICLE(GR79a,
  AUTHOR = {Martin Gr{\"o}tschel and Manfred W. Padberg},
  YEAR = {1979},
  TITLE = {On the symmetric traveling salesman problem I: inequalities},
  JOURNAL = {Mathematical Programming},
  VOLUME = {16},
  PAGES = {265--280},
)

@ARTICLE(GR79b,
  AUTHOR = {Martin Gr{\"o}tschel and Manfred W. Padberg},
  YEAR = {1979},
  TITLE = {On the symmetric traveling salesman problem I: lifting theorems and 
           facets},
  JOURNAL = {Mathematical Programming},
  VOLUME = {16},
  PAGES = {281--302},
)

@INPROCEEDINGS(GS78,
  AUTHOR = {L.J. Guibas and R. Sedgewick},
  YEAR   = {1978},
  TITLE  =  {A diochromatic framework for balanced trees},
  BOOKTITLE = {Proceedings of the 19th annual symposium on foundations of
               computer science},
  PUBLISHER = {IEEE Computer Society},
  PAGES = {8--21},
)
		  
@BOOK(Gro77,
  AUTHOR = {Martin Gr{\"o}tschel},
  YEAR = {1977},
  TITLE = {Polyedrische Charakterisierungen kombinatorischer Optimierungsprobleme},
  PUBLISHER = {Hain},
  ADDRESS = {Meisenheim am Glan},
)

		  
@ARTICLE(Gro80,
  AUTHOR = {Martin Gr{\"o}tschel},
  YEAR = {1980}, 
  TITLE = {On the symmetric traveling salesman problem: solution of 120-city
           problem},
  JOURNAL = {Mathematical Programming Studies},
  VOLUME = {12},
  PAGES = {61--77},
)
		  
@ARTICLE(HP93,
  AUTHOR = {Karla Hoffman and Manfred W. Padberg},
  YEAR   = {1993},
  TITLE  = {Solving airline crew scheduling problems by branch-and-cut},
  JOURNAL = {Management Science},
  VOLUME = {39},
  PAGES = {657--682},
)
		  



@MANUAL(IBM95,
  YEAR = {1995},
  TITLE = {Optimization Subroutine Library - Guide and Reference, Release 2.1},
  ORGANIZATION = {IBM Corporation},
)
		  
@MANUAL(Iso95,
  AUTHOR = {Accredited Standards Committee, X3, INFORMATION PROCESSING
		  SYSTEM},
  TITLE = {The ISO/ANSI {C$++$} Draft},
  YEAR = {1995},
  NOTE = {\htmladdnormallink{http://www.cygnus.com/misc/wp/}
		            {http://www.cygnus.com/misc/wp/}},
)

@ARTICLE(JF88,
  AUTHOR = {R.E.\ Johnson and B.\ Foote},
  YEAR = {1988},
  MOHTH = {June/July},
  TITLE = {Designing reusable classes},
  JOURNAL = {Journal of Object-Oriented Programming},
  VOLUME = {1},
  PAGES = {22--35},
)

@INCOLLECTION(JRR95,
  AUTHOR = {Michael J{\"{u}}nger and Gerhard Reinelt and Giovanni Rinaldi},
  YEAR   = {1995},
  TITLE  = {The Traveling Salesman Problem},
  EDITOR = {M.~Ball and T.~Magnanti and C.L.~Monma and G.L.~Nemhauser},
  BOOKTITLE = {Network Models},
  SERIES = {Handbook on operations research and management sciences},
  VOLUME    = {7},
  PUBLISHER = {North Holland},
  ADDRESS   = {Amsterdam},
  PAGES     = {225--330},
)
		  

@ARTICLE(JRT94,
  AUTHOR = {Michael J{\"{u}}nger and Gerhard Reinelt and Stefan Thienel},
  YEAR   = {1994},
  TITLE  = {Provably good solutions for the traveling salesman problem},
  JOURNAL = {Zeitschrift f\"ur Operations Research},
  VOLUME  = {40},
  PAGES   = {183--217},
)

@INCOLLECTION(JRT95,
  AUTHOR = {Michael J{\"u}nger and Gerhard Reinelt and Stefan
		  Thienel},
  TITLE  = {Practical Problem Solving with Cutting Plane Algorithms
		  in combinatorial optimization},
  BOOKTITLE = {Combinatorial Optimization},
  PUBLISHER = {American Mathematical Society},
  YEAR      = {1995},
  EDITOR    = {Willian Cook and L{\'a}zl{\'o} Lov{\'a}sz and Paul
		  Seymour},
  SERIES    = {DIMACS Series in Discrete Mathematics and Theoretical
		  Computer Science},
  PAGES     = {111--152},
)

@techreport{JT98,
        AUTHOR          = {M. J\"unger and S. Thienel},
        INSTITUTION     = {Informatik, Universit\"at zu K\"oln},
        TITLE           = {The ABACUS System for Branch-and-Cut and Prices Algorithms in Integer Programming and Combinatorial Optimization},
        KEYWORDS        = {; },
        JOURNAL         = {to appear in: Software: Practice and Experience},
        YEAR            = {1998},
}

@TECHREPORT(JT96a,
  AUTHOR = {Michael J\"unger and Stefan Thienel},
  TITLE  = {Basic Design Ideas for the Branch-and-Cut System {\ABACUS}},
  INSTITUTION = {Universit\"at zu K\"oln},
  YEAR        = {1996},
)

@TECHREPORT(JT97a,
  AUTHOR = {Michael J{\"u}nger and Stefan Thienel},
  TITLE  = {The Design of the Branch-and-Cut System {ABACUS}},
  INSTITUTION = {Universit{\"a}t zu K{\"o}ln},
  YEAR   = {1997},
)

@TECHREPORT(JT97b,
  AUTHOR = {Michael J{\"u}nger and Stefan Thienel},
  TITLE  = {Introduction to {ABACUS}---{A} {B}ranch-{A}nd-{CU}t {S}ystem},
  INSTITUTION = {Universit{\"a}t zu K{\"o}ln},
  YEAR   = {1997},
)

@TECHREPORT(KL93,
  AUTHOR = {Donald E.\ Knuth and Silvio Levy},
  TITLE  = {The {CWEB} system of structured documentation},
  INSTITUTION = {Stanford University},
  YEAR        = {1993},
)


@ARTICLE(KM90,
  AUTHOR = {T. Korson and J.D. McGregor},
  YEAR = {1990},
  TITLE = {Understanding object-oriented: A unifying paradigm},
  JOURNAL = {Communications of the ACM},
  VOLUME = {33},
  NUMBER  = {9},
  PAGES  = {40--60},
)

@BOOK(Knu93a,
  AUTHOR = {Donald E. Knuth},
  YEAR = {1993},
  TITLE = {The Stanford GraphBase: a platform for combinatorial computing},
  PUBLISHER = {Addison-Wesley, Reading, Massachusetts},
)

@INCOLLECTION(LLKS93,
  AUTHOR = {Eugene L. Lawler and Jan Karel Lenstra and Alexander H.G. Rinnoy Kan and David B. Shmoys},
  YEAR = {1993},
  TITLE = {Sequencing and scheduling: algorithms and complexity},
  EDITOR = {S.C. Graves and Alexander H.G. Rinnoy Kan and P.H. Zipkin},
  BOOKTITLE = {Logistics of production and inventory},
  SERIES = {Handbook on operations research and management sciences},
  VOLUME    = {4},
  PUBLISHER = {North Holland},
  ADDRESS   = {Amsterdam},
  PAGES     = {445--522},
)

@TECHREPORT(LMS95,
  AUTHOR = {M. Lee and D. Musser and A. Stepanow},
  YEAR = {1995},
  TITLE = {The standard template library},
  NOTE = {http://www.cs.rpi.edu/\~{}musser/stl.html},
  INSTITUTION = {{Rensselaer Polytechnic Institute}},
)

@INCOLLECTION(Law82,
  AUTHOR = {E.L. Lawler},
  TITLE = {Recent Results in the Theory of Machine Scheduling},
  YEAR = {1982},
  BOOKTITLE = {Mathematical Programming, The State of the Art},
  EDITOR = {Achim Bachem and Martin Gr{\"o}tschel and Bernhard Korte},
  PUBLISHER = {Springer Verlag},
  PAGES = {202--234},
)

@TECHREPORT(Lei96,
  AUTHOR = {Sebastian Leipert},
  TITLE  = {VBCTOOL---a graphical interface for Visualization of
            Branch-and-Cut algorithms},
  INSTITUTION = {Institut f\"ur Informatik, Universit\"at zu K\"oln},
  NOTE = {\htmladdnormallink{http://www.informatik.uni-koeln.de/ls\_juenger/projects/vbctool.html}{http://www.informatik.uni-koeln.de/ls\_juenger/projects/vbctool.html}},
  YEAR        = {1995},
)

@MANUAL(MNU96,
  AUTHOR = {Kurt Mehlhorn and Stefan N{\"a}her and Christian Uhrig},
  YEAR = {1996},
  TITLE = {The LEDA User Manual Version R~3.4.1},
  ORGANIZATION =  {{Max-Planck-Institut} f{\"u}r Informatik, Saarbr{\"u}cken},
)

@BOOK(Mey94,
  AUTHOR = {B. Meyer},
  YEAR = {1994},
  TITLE = {Reusable software, the base object-oriented component libraries},
  PUBLISHER = {Prentice Hall, Hertfordshire},
)

@TechReport{NC94,
  author = 	 {Denis Naddef and Jean Maurice Clochard},
  title = 	 {Some fast and efficient heuristics for comb separation in the 
                  symmetric traveling salesman problem},
  institution =  {Laboratoire ARTEMIS},
  year = 	 {1994},
  address = 	 {Grenoble},
}

@Article{NR91,
  author = 	 {Denis Naddef and Giovanni Rinaldi},
  title = 	 {The symmetric traveling salesman polytope and its graphical
                  relaxation: Composition of valid inequalities},
  journal = 	 {Mathematical Programming},
  year = 	 {1991},
  volume = 	 {51},
  pages = 	 {359--400},
}

@Article{NR92,
  author = 	 {Denis Naddef and Giovanni Rinaldi},
  title = 	 {The crown inequalities for the traveling salesman polytope},
  journal = 	 {Mathematics of Operations Reserach},
  year = 	 {1992},
  volume = 	 {17},
  pages = 	 {308--326},
}  

@Article{NR93,
  author = 	 {Denis Naddef and Giovanni Rinaldi},
  title = 	 {The graphical relaxation: a new framework for the symmetric 
                  traveling salesman polytope},
  journal = 	 {Mathematical Programming},
  year = 	 {1993},
  volume = 	 {58},
  pages = 	 {53--88},
}  

@TECHREPORT(NS96,
  AUTHOR = {George L. Nemhauser and Martin W.P. Savelsbergh},
  YEAR = {1996},
  TITLE = {Functional description of {MINTO}, a {Mixed} {INTeger} {Optimizer},
           Version 2.3},
  INSTITUTION = {Georgia Institute of Technology,
                 School of Industrial and Systems Engineering},
)

@ARTICLE(NSS94a,
  AUTHOR  = {G.L.\ Nemhauser and M.W.P. Savelsbergh and G.C.\ Sigismondi},
  YEAR    = {1994},
  TITLE   = {{MINTO}, a {Mixed} {INTeger} {Optimizer}},
  JOURNAL = {Operations Research Letters},
  VOLUME  = {15},
  PAGES   = {47--58},
)

@TECHREPORT(NSS94b,
  AUTHOR = {George L. Nemhauser and Martin W.P. Savelsbergh and 
            Gabriele C. Sigismondi},
  YEAR = {1994},
  TITLE = {Functional description of {MINTO}, a {Mixed} {INTeger} {Optimizer},
           Version 2.0},
  INSTITUTION = {Georgia Institute of Technology,
                 School of Industrial and Systems Engineering},
)

@InCollection{Nad90,
  author = 	 {Denis Naddef},
  title = 	 {Handles and teeth in the symmetric traveling salesman polytope},
  booktitle = 	 {Polyhedral combinatorics},
  publisher =    {A.M.S.},
  year = 	 {1990},
  editor = 	 {W. Cook and P.D. Seymour},
  volume = 	 {1},
  series = 	 {DIMACS Series in disrete mathematics and theoretical computer 
                  science},
  pages = 	 {61--74},
}

@ARTICLE(GR77,
  AUTHOR = {Martin Gr{\"o}tschel and Manfred W. Padberg},
  YEAR = {1977},
  TITLE = {Lineare Charakterisierungen von Traveling Salesman Problemen},
  JOURNAL = {Zeitschrift f{\"u}r Operations Research},
  VOLUME = {21},
  PAGES = {33--63},
)


@Article{Nad92,
  author = 	 {Denis Naddef},
  title = 	 {The binested inequalities for the symmetric traveling salesman 
                  polytope},
  journal = 	 {Operations Research},
  year = 	 {1992},
  volume = 	 {17},
  pages = 	 {882--900},
}

@MANUAL(Nae93,
  AUTHOR = {Stefan N{\"a}her},
  YEAR = {1993},
  TITLE = {LEDA User Manual Version 3.0},
  ORGANIZATION =  {{Max-Planck-Institut} f{\"u}r Informatik, Saarbr{\"u}cken},
)

@ARTICLE(PR82,
  AUTHOR  = {Manfred W.\ Padberg and M. Ram Rao},
  YEAR    = {1982},
  TITLE   = {Odd minimum cut sets and b-matchings},
  JOURNAL = {Mathematics of Operations Research} ,
  VOLUME  = {7},
  PAGES   = {67--80},
)

@ARTICLE(PR87,
  AUTHOR = {Manfred W. Padberg and Giovanni Rinaldi},
  YEAR = {1987},
  TITLE = {Optimization of a 532 city symmetric traveling salesman problem by
           branch-and-cut},
  JOURNAL = {Operations Research Letters},
  VOLUMNE = {6},
  PAGES = {1--7},
)

@ARTICLE(PR90b,
  AUTHOR  = {Manfred W.\ Padberg and G.\ Rinaldi},
  YEAR    = {1990},
  TITLE   = {Facet identification for the symmetric traveling salesman 
             polytope},
  JOURNAL = {Mathematical Programming},
  VOLUME  = {47},
  PAGES   = {219--257},
)

@ARTICLE(PR91,
  AUTHOR = {Manfred W.\ Padberg and Giovanni Rinaldi},
  YEAR = {1991},
  TITLE = {A branch-and-cut algorithm for the resolution of large-scale 
          symmetric traveling salesman problems},
  JOURNAL = {SIAM Review},
  VOLUME = {33},
  PAGES = {60--100},
)

@INCOLLECTION(RF81,
  AUTHOR = {David M. Ryan and B.A. Foster},
  YEAR = {1981},
  TITLE = {An integer programming approach to scheduling},
  EDITOR = {A. Wren},
  BOOKTITLE = {Computer scheduling of public transport urban passenger
 		  vehicle and crew scheduling},
  PUBLISHER = {North Holland, Amsterdam},
  PAGES = {269--280},
)


@INPROCEEDINGS(RLMMK97,
  AUTHOR = {Reinert, Knut and Lenhof, Hans-Peter and Mutzel, Petra and Mehlhorn, Kurt and Kececioglou, John D.},
  YEAR = 1997,
  TITLE = {A Branch-and-Cut Algorithm for Multiple Sequence Alignment},
  BOOKTITLE={First Annual International Conference on Computational 
    Molecular Biology},
  PUBLISHER={ACM},
)

@ARTICLE(Sal94,
  AUTHOR = {M.J. Saltzman},
  YEAR = {1994},
  TITLE = {Broad selection of software packages available},
  JOURNAL = {OR/MS Today},
  MONTH = {April},
  PAGES = {42--51},
)

@ARTICLE(Sav94,
  AUTHOR = {Martin W.P. Savelsbergh},
  YEAR   = {1994},
  TITLE  ={Preprocessing and probing for mixed integer programming
           problems},
  JOURNAL = {ORSA Journal on Computing},
  VOLUME  = {6},
  PAGES   = {445--454},
)

@BOOK(Str93a,
  AUTHOR = {B. Stroustrup},
  YEAR = {1993},
  TITLE = {The  {C$++$} programming language---2nd edition},
  PUBLISHER = {Addison-Wesley, Reading, Massachusetts},
)

@PHDTHESIS(Thi95,
  AUTHOR = {Stefan Thienel},
  TITLE  = {{ABACUS}---{A} {B}ranch-{A}nd-{CU}t System},
  SCHOOL = {Universit\"at zu K\"oln},
  YEAR   = {1995},
)


@TECHREPORT(Thi96a,
  AUTHOR = {Stefan Thienel},
  TITLE  = {A Simple {TSP}-Solver},
  INSTITUTION = {Universit{\"a}t zu K{\"o}ln},
  NOTE   = {http://www.informatik.uni-koeln.de/ls\_juenger/projects/abacus/abacus\_tutorial.ps.gz},
  YEAR   = {1996},
)



@TECHREPORT(Thi96b,
  AUTHOR = {Stefan Thienel},
  TITLE  = {{ABACUS} 1.2: User's Guide and Reference Manual},
  INSTITUTION = {Universit{\"a}t zu K{\"o}ln},
  YEAR   = {1996},
)

@Manual(Thi97,
  AUTHOR = {Stefan Thienel},
  TITLE  = {{ABACUS} 2.0: User's Guide and Reference Manual},
  ORGANIZATION = {Universit{\"a}t zu K{\"o}ln},
  NOTE   = {http://www.informatik.uni-koeln.de/ls\_juenger/\linebreak[0]projects/abacus/manual.ps.gz},
  YEAR   = {1997},
)


@ARTICLE(BJN97,
  AUTHOR = {Cynthia Barnhart and Ellis L. Johnson and George L.
		  Nemhauser and Martin W. P. Savelsbergh and Pamela H.
		  Vance},
  TITLE  = {Branch-and-Price: Column Generation for Huge Integer
		  Programs},
  JOURNAL = {Operations Research},
  NOTE    = {to appear},
  YEAR    = {1997},
)

@ARTICLE(VBJN94,
  AUTHOR = {Pamela H. Vance and  Cynthia Barnhart and Ellis J. Johnson
 		  and George L. Nemhauser},
  YEAR   = {1994},
  TITLE  = {Solving binary cutting stock problems by column generation and
            branch-and-bound},
  JOURNAL = {Computational Optimization and Applications},
  VOLUME  = {3},
  PAGES   = {111--130},
)

@INCOLLECTION(LPT95,
  AUTHOR = {Martine Labb{\'e} and Dominique Peeters and Jacques-Fran{\,c}ois Thisse},
  YEAR   = {1995},
  TITLE  = {Location on Networks},
  EDITOR = {M.~Ball and T.~Magnanti and C.L.~Monma and G.L.~Nemhauser},
  BOOKTITLE = {Network Routing},
  SERIES = {Handbook on operations research and management sciences},
  VOLUME    = {8},
  PUBLISHER = {North Holland},
  ADDRESS   = {Amsterdam},
  PAGES     = {551--624},
)
		  
@manual(Wun97,
  AUTHOR = {Roland Wunderling},
  YEAR = {1997},
  TITLE = {{SoPlex}, The Sequential object-oriented simplex class library},
  INSTITUTION = {Konrad Zuse Zentrum f{\"u}r Informationstechnik, Berlin},
  NOTE = {\htmladdnormallink{http://www.zib.de/Optimization/Software/Soplex/}
		            {http://www.zib.de/Optimization/Software/Soplex/}},
)

@PhdThesis{Asc95,
  author = 	 {Norbert Ascheuer},
  title = 	 {Hamiltonian path problems encountered in the on-line optimization
                  of flexible manufacturing systems},
  school = 	 {Technische Universit{\"a}t Berlin},
  year = 	 {1995},
}

@Book{Sto92,
  author = 	 {Mechtild Stoer},
  title = 	 {Design of survivable networks},
  publisher = 	 {Springer},
  year = 	 {1992},
  number = 	 {1531},
  series = 	 {Lecture Notes in Mathematics },
  address = 	 {Heidelberg},
}

@InProceedings{Mut95,
  author = 	 {Petra Mutzel},
  title = 	 {A polyhedral approach to planar augmentation and related 
                  problems},
  booktitle = 	 {Algorithms---ESA'95},
  editor = 	 {Paul Spirakis},
  number = 	 {979},
  series = 	 {Lecture Notes in Computer Science},
  year = 	 {1995},
  publisher = {Springer},
  address = 	 {Heidelberg},
  pages = 	 {494--507},
}

@TechReport{CGKLS96,
  author = 	 {C.S. Chekuri and  A.V. Goldberg and D.R. Karger and M.S. Levine
                  and C. Stein},
  title = 	 {Experimental study of minimum cut algorithms},
  institution =  {NEC Research Institute, Inc},
  year = 	 {1996},
  number = 	 {96-132},
}

@Article{KRT94,
  author = 	 {V. King and S. Rao and R. Tarjan},
  title = 	 {A faster deterministic maximum flow algorithm},
  journal = 	 {Journal of Algorithms},
  year = 	 {1994},
  volume = 	 {17},
  pages = 	 {447--474},
}

@Article{GT88,
  author = 	 {A.V. Goldberg and R.E. Tarjan},
  title = 	 {A new approach to the maximum flow problem},
  journal = 	 {Journal of the ACM},
  year = 	 {1988},
  volume = 	 {35},
  pages = 	 {921--940},
}

@Article{DM89,
  author = 	 {Ulrich Derigs and Wolfgang Meier},
  title = 	 {Implementing Goldberg's max-flow algorithm---a computational
                  investigation},
  journal = 	 {ZOR---Methods and Models of Operations Research},
  year = 	 {1989},
  volume = 	 {35},
  pages = 	 {983--403},
}

@InProceedings{CG95,
  author = 	 {B.V. Cherkassky and A.V. Goldberg},
  title = 	 {On implementing push-relabel method for the maximum flow problem},
  booktitle = 	 {Proceedings of the 4th international IPCO conference},
  year = 	 {1995},
  editor = 	 {E. Balas and J. Clausen},
  number = 	 {920},
  series = 	 {Lecture Notes in Computer Science},
  publisher = {Springer},
  address = 	 {Berlin},
  pages = 	 {157--171},
}

@Article{GH61,
  author = 	 {Ralph E. Gomory and T.C. Hu},
  title = 	 {Multi-terminal network flows},
  journal = 	 {SIAM Journal},
  year = 	 {1961},
  volume = 	 {9},
  pages = 	 {551--570},
}

@Article{Gus90,
  author = 	 {D. Gusfield},
  title = 	 {Very simple methods for all pairs network flow analysis},
  journal = 	 {SIAM Journal on Computing},
  year = 	 {1990},
  volume = 	 {19},
  pages = 	 {143--155},
}

@Article{PR90,
  author = 	 {Manfred W. Padberg and Giovanni Rinaldi},
  title = 	 {An efficient algorithm for the minimum capacity cut problem},
  journal = 	 {Mathematical Programming},
  year = 	 {1990},
  volume = 	 {47},
  pages = 	 {19--36},
}

@InProceedings{HO92,
  author = 	 {J. Hao and J.B. Orlin},
  title = 	 {A faster algorithm for finding the minimum cut in a graph},
  booktitle = 	 {Proceedings of the third annual ACM-SIAM {S}ymposium on
                  {D}iscrete {A}lgorithms},
  year = 	 {1992},
  pages = 	 {165--174},
}

@Article{HO94,
  author = 	 {J. Hao and J.B. Orlin},
  title = 	 {A faster algorithm for finding the minimum cut in a directed 
                  graph},
  journal = 	 {Journal of Algorithms},
  year = 	 {1994},
  volume = 	 {17},
  pages = 	 {424--464},
}

@InProceedings{KS93,
  author = 	 {D.V.\ Karger and C.\ Stein},
  title = 	 {An {\~O($n^2$)} algorithm for minimum cuts},
  booktitle = 	 {Proceedings of the 25th ACM {S}ymposium on the 
                  {T}heory of {C}omputing,
                  San Diego, CA},
  year = 	 {1993},
  pages = 	 {757--765},
}

@Article{NI92,
  author = 	 {H.\ Nagamochi and T.\ Ibaraki},
  title = 	 {Computing edge-connectivity in multi-graphs and capacitated 
                  graphs},
  journal = 	 {SIAM Journal on Discrete Mathematics},
  year = 	 {1992},
  volume = 	 {5},
  pages = 	 {54--66},
}

@Article{NOI94,
  author = 	 {H. Nagamochi and T. Ono and T. Ibaraki},
  title = 	 {Implementing an efficient minimum capacity cut algorithm},
  journal = 	 {Mathematical Programming},
  year = 	 {1994},
  volume = 	 {67},
  pages = 	 {325--341},
}

@TechReport{SW94,
  author = 	 {Mechtild Stoer and Frank Wagner},
  title = 	 {A simple min cut algorithm},
  institution =  {Technische Universit{\"at} Berlin},
  year = 	 {1994},
}


@TechReport{Fuj94,
  author = 	 {S. Fujishige},
  title = 	 {Another simple proof of the validity of {N}agamochi and 
                  {I}baraki's
                  min-cut algorithm and {Q}ueyranne's extension to symmetric submodular
                  function minimization},
  institution =  {Forschungsinstitut f{\"u}r Diskrete Mathematik,
                  Universit{\"a}t Bonn},
  year = 	 {1994},
}


{Knu86}
{}
{1986}
{}
{}

@Book{Knu86,
  author = 	 {Donald E. Knuth},
  title = 	 {{\TeX}: The program},
  publisher = 	 {Addison-Wesley},
  year = 	 {1986},
  address = 	 {Reading, Massachusetts},
}

@Book{Knu93,
  author = 	 {Donald E. Knuth},
  title = 	 {The Stanford GraphBase: a platform for combinatorial computing},
  publisher = 	 {Addison-Wesley},
  year = 	 {1993},
  OPTaddress = 	 {Reading, Massachusetts},
}

@Article{Gay85,
  author = 	 {D.M. Gay},
  title = 	 {Electronic mail distribution of linear programming test problems},
  journal = 	 {COAL Newsletter},
  year = 	 {1985},
  volume = 	 {13},
  pages = 	 {10--12},
}

@Article{BBI92,
  author = 	 {Robert E. Bixby and E.A. Boyd and R.R. Indovina},
  title = 	 {{MIPLIB}: A test set of mixed integer programming problems},
  journal = 	 {Siam News},
  year = 	 {1992},
  OPTnumber = 	 {16},
  OPTmonth = 	 {March},
}

@TechReport{BKR94,
  author = 	 {Rainer Burkhard and Stefan Karisch and Franz Rendl},
  title = 	 {{QAPLIB}---A quadratic assignment problem library},
  institution =  {Technische Universit{\"a}t Graz, Institut f{\"u}r Mathematik},
  year = 	 {1994},
  number = 	 {287},
}

@Unpublished{JRT97,
  author = 	 {Michael J{\"u}nger and Giovanni Rinaldi and Stefan Thienel},
  title = 	 {MINCUT---a MINimum CUT algorithm library},
  note = 	 {software system, to appear},
}

@Misc{NT97,
  author = 	 {Denis Naddef and Stefan Thienel},
  note = 	 {private communications},
}

@Article{Rei91,
  author = 	 {Gerhard Reinelt},
  title = 	 {{TSPLIB}---A traveling salesman problem library},
  journal = 	 {ORSA Journal on Computing},
  year = 	 {1991},
  volume = 	 {3},
  pages = 	 {376--384},
}

@TechReport{Fra94,
  author = 	 {A Frank},
  title = 	 {On the edge connectivity algorithm of {N}agamochi and 
                  {I}baraki},
  institution =  {Labaratoire Artemis, IMAG, Universit{\'e} Joseph Fourier, 
                  Grenoble},
  year = 	 {1994},
}

@Article{GG61,
  author = 	 {Paul C. Gilmore and Ralph E. Gomory},
  title = 	 {A linear programming approach to the cutting stock problem},
  journal = 	 {Operations Research},
  year = 	 {1961},
  volume = 	 {9},
  pages = 	 {849--859},
}

@Article{Dyc81,
  author = 	 {H. Dyckhoff},
  title = 	 {A new linear programming approach to the cutting stock problem},
  journal = 	 {Operations Research},
  year = 	 {1981},
  volume = 	 {29},
  pages = 	 {1062--1104},
}

@TechReport{Van96,
  author = 	 {Pamela Vance},
  title = 	 {Branch-and-price algorithms for the one-dimensional cutting stock
                  problem},
  institution =  {Auburn University},
  year = 	 {1996},
}

@TechReport{WG94,
  author = 	 {G. W{\"a}scher and T. Gau},
  title = 	 {Generating almos optimal solutions for the integer one-dimensional
                  cutting stock problem},
  institution =  {Technische Universit\"at Braunschweig},
  year = 	 {1994},
  number = 	 {94/96},
}

@Article{ST84,
  author = 	 {Awanti P. Sethi and Gerald L. Thompson},
  title = 	 {The pivot and probe algorithm for solving a linear program},
  journal = 	 {Mathematical Programming},
  year = 	 {1984},
  volume = 	 {29},
  pages = 	 {219--233},
}

@Book{GN72,
  author = 	 {R.S. Garfinkel and George L. Nemhauser},
  title = 	 {Integer Progamming},
  publisher = 	 {John Wiley and Sons, New York},
  year = 	 {1972},
}

@Book{Bau95,
  author = 	 {Petra Bauer},
  title = 	 {A polyhedral approach to the weighted girth problem},
  publisher = 	 {Verlag Shaker},
  year = 	 {1995},
}

@Article{KP82,
  author = 	 {Robert M. Karp and Christos H. Papadimitriou},
  title = 	 {On linear characterizations of combinatorial optimization 
                  problems},
  journal = 	 {SIAM Journal on Computing},
  year = 	 {1982},
  volume = 	 {11},
  pages = 	 {620--632},
}

@PhdThesis{Kai97,
  author = 	 {Volker Kaibel},
  title = 	 {Polyhedral Combinatorics of the Quadratic Assignment Problem},
  school = 	 {Universit{\"a}t zu K{\"o}ln},
  year = 	 {1997},
}

@Article{Suh94,
  author = 	 {Uwe H. Suhl},
  title = 	 {{MOPS}---{M}athematical {OP}timization {S}ystem,
                  Software Tools for Mathematical Programming},
  journal = 	 {European Journal of Operational Research},
  year = 	 {1994},
  volume = 	 {72},
  pages = 	 {312--322},
}

@Article{Gom58,
  author = 	 {Ralph E. Gomory},
  title = 	 {Outline of an algorithm for integer solutions to linear programs},
  journal = 	 {Bulletin of the American Mathematical Society},
  year = 	 {1958},
  volume = 	 {64},
  pages = 	 {275--278},
}

@Article{LD60,
  author = 	 {A.H. Land and A.G. Doig},
  title = 	 {An automatic method for solving discrete programming problems},
  journal = 	 {Econometrica},
  year = 	 {1960},
  volume = 	 {28},
  pages = 	 {493--520},
}

@Article{Dij59,
  author = 	 {Edsger W. Dijkstra},
  title = 	 {A note on two problems in connection with graphs},
  journal = 	 {Numerische Mathematik},
  year = 	 {1959},
  volume = 	 {1},
  pages = 	 {269--271},
}

@Article{Kru56,
  author = 	 {Joseph B. Kruskal},
  title = 	 {On the shortest spanning subtree of a graph and the traveling 
                  salesman problem},
  journal = 	 {Proceedings of the American Mathematical Society},
  year = 	 {1956},
  volume = 	 {7},
  pages = 	 {48--50},
}

@Article{Edm65,
  author = 	 {Jack Edmonds},
  title = 	 {Paths, trees and flowers},
  journal = 	 {Canadian Journal of Mathematics},
  year = 	 {1965},
  volume = 	 {17},
  pages = 	 {449--467},
}

@TechReport{EM97,
  author = 	 {Javier Esparza and Stephan Melzer},
  title = 	 {Verification of safety properties using integer programming: Beyond the state equation},
  institution =  {Technische Universit{\"a}t M{\"u}nchen},
  year = 	 {1997},
}

 
@InCollection{JLM97,
  author = 	 {Michael J{\"u}nger and Eva K. Lee and Petra Mutzel
                  and Thomas Odenthal},
  title = 	 {A Polyhedral Approach to the Multi-Layer Crossing Minimization Problem},
  booktitle = 	 {Lecture Notes in Computer Science},
  publisher=     {Springer},
  address = 	 {Heidelberg},
  year=          {1997},
  note = 	 {to appear},
}


@PhdThesis{Chr97,
  author = 	 {Thomas Christof},
  title = 	 {Low-Dimensional 0/1-Polytopes and Branch-and-Cut in
Combinatorial Optimization},
  school = 	 {Universit{\"a}t Heidelberg},
  year = 	 {1997},
}

@TechReport{Kai97a,
  author = 	 {Volker Kaibel},
  title = 	 {Polyhedral Combinatorics of {QAP}s with Less 
                  Objects than Locations (Extended Abstract)},
  institution =  {Universit\"at zu K\"oln},
  year = 	 {1997},
  number = 	 {97.297},
}


@TechReport{GPV97,
  author = 	 {Peter Gritzmann and Dieter Prangenberg and Sven de Vries and
                  Markus Wiegelmann},
  title = 	 {Success and failure of certain reconstruction and uniqueness
                  algorithms in discrete tomography},
  institution =  {Technische Universit\"at M\"unchen},
  year = 	 {1997},
}

@MastersThesis{Wei97,
  author = 	 {Ren{\'e} Weiskircher},
  title = 	 {Two layer straight line planarization of bipartite graphs},
  school = 	 {Universit{\"a}t des Saarlandes, Saarbr{\"u}cken},
  year = 	 {1997},
}

@MastersThesis{Osw97,
  author = 	 {Marcus Oswald},
  title = 	 {{PQ-B}{\"a}ume im {B}ranch-and-{C}ut-{A}nsatz f{\"u}r das {P}hysical 
                  {M}apping {P}roblem mit {E}ndprobes},
  school = 	 {Universit{\"a}t Heidelberg},
  year = 	 {1997},
}

@PhdThesis{Fun97,
  author = 	 {Meinrad Funke},
  title = 	 {A Polyhedral Approach to the Feedback Vertex Set Problem},
  school = 	 {Universit{\"a}t Heidelberg},
  year = 	 {1997},
}



@MastersThesis{Eng97,
  author = 	 {Fredrik Engel},
  title = 	 {Branching Algorithms for Crew Scheduling Problems},
  school = 	 {Chalmers University},
  year = 	 {1997},
}

@Book{Dan63,
  author = 	 {George B. Dantzig},
  title = 	 {Linear Programming and Extensions},
  publisher = 	 {Princeton University Press},
  year = 	 {1963},
}

@InCollection{AW97,
  author = 	 {Karen Aardal and Robert Weismantel},
  title = 	 {Polyhedral combinatorics},
  booktitle = 	 {Annotated bibliographies in combinatorial optimization},
  publisher = {Wiley},
  year = 	 {1997},
  editor = 	 {Mauro Dell'Amico and Franceso Maffioli and Silvano Martello},
  pages = 	 {31--44},
}


@InCollection{CF97,
  author = 	 {Alberto Caprara and Matteo Fischetti},
  title = 	 {Branch-and-cut algorithms},
  booktitle = 	 {Annotated bibliographies in combinatorial optimization},
  publisher =    {Wiley},
  year = 	 {1997},
  editor = 	 {Mauro Dell'Amico and Franceso Maffioli and Silvano Martello},
  pages = 	 {45--64},
}

@InCollection{Sch95,
  author = 	 {Alexander Schrijver},
  title = 	 {Polyhedral Combinatorics},
  booktitle = 	 {Handbook of Combinatorics},
  publisher = {Elsevier},
  year = 	 {1995},
  editor = 	 {R. Graham and Martin Gr{\"o}tschel and L. Lov{\'a}sz},
  volume = 	 {2},
  pages = 	 {1649--1704},
}

@MastersThesis{Bre97,
  author = 	 {J{\"urgen} Klaus Breicha},
  title = 	 {{Der Einsatz von Knapsack-Ungleichungen in einem Branch-and-Cut System}},
  school = 	 {Universit{\"at} zu K{\"oln}},
  year = 	 {1997},
}

@MastersThesis{Kup98,
  author = 	 {Joachim Kupke},
  title = 	 {{Ein Branch-and-Price Algorithmus f\"ur das ganzzahlige Verschnittproblem}},
  school = 	 {Universit{\"at} zu K{\"o}ln},
  year = 	 {1998},
}

@TechReport{JR97,
  author =       {M. J\"unger and G. Rinaldi},
  title =        {Relaxations of the Max Cut Problem and Computation of Spin Gla
ss Ground States},
  institution =  {Institut f\"ur Informatik, Universit\"at zu K\"oln},
  year =         {1997},
  number =       {97.300},
  note         = {To appear in: P. Kischka (ed.), Proc. SOR '97, Jena},
}

@techreport{VAK97,
        author={Bram Verweij and Karen Aardal and Goos Kant},
        title={On an Integer Multicommodity Flow Problem From the
                Airplane Industry},
        number={UU-CS-1997-38},
        institution={Department of Computer Science,
                        Utrecht University},
        address={Utrecht},
        year={1997}
}

@Article{Ecu96,
  author = 	 {Pierre l`Ecuyer},
  title = 	 {Simulation of algorithms for performance analysis},
  journal = 	 {INFORMS Journal on Computing},
  year = 	 {1996},
  volume = 	 {8},
  number = 	 {1},
  pages = 	 {16--20},
}

@Article{Chv73,
  author = 	 {Vasek Chv{\'a}tal},
  title = 	 {Edmonds polytopes and weakly hamiltonian graphs},
  journal = 	 {Mathematical Programming},
  year = 	 {1973},
  volume = 	 {5},
  pages = 	 {29--40},
}

@InCollection{Bal91,
  author = 	 {Michel L. Balinski},
  title = 	 {Mathematical Programming: Journal, Society, Recollections},
  booktitle = 	 {History of mathematical programming},
  publisher = {CWI North-Holland},
  year = 	 {1991},
  editor = 	 {Jan Karel Lenstra and Alexander H.G. Rinooy Kan and 
                  Alexander Schrijver},
  pages = 	 {5--18},
}

@Article{CCM52,
  author = 	 {A. Charnes and William W. Cooper and B. Mellon},
  title = 	 {Blending aviation gasoline---A study of programming
                  interdependent activities in an integrated oil company},
  journal = 	 {Econometrica},
  year = 	 {1952},
  volume = 	 {20},
}

@TechReport{FT97,
  author = 	 {Lisa Fleischer and {\'E}va Tardos},
  title = 	 {Separating Maximally Violated Comb Inequalities in Planar 
                  Graphs},
  institution =  {Cornell University, School of Operations Research
                  and Industrial Engineering},
  year = 	 {1997},
  number = 	 {TR1150},
}

@InProceedings{Car95,
  author = 	 {Robert D. Carr},
  title = 	 {Separating clique tree and bipartition inequalities in
                  polynomial time},
  booktitle = 	 {Integer programming and combinatorial optimization
                  4th International {IPCO} Conference},
  editor = 	 {Egon Balas and Jens Clausen},
  series = 	 {Lecture Nodes in Computer Science},
  number =       {920},
  year = 	 {1995},
  publisher =    {Springer},
  pages = 	 {40--49},
}


@TechReport{Fle97,
  author = 	 {Lisa Fleischer},
  title = 	 {Building chain and cactus representations of all minimum cuts
                  from Hao-Orlin in the same asymptotic run time},
  institution =  {Cornell University, School of Operations Research
                  and Industrial Engineering},
  year = 	 {1997},
}



@TechReport{Vit97,
  author = 	 {Andrea de Vitis},
  title = 	 {The cactus representation of all minimum cuts in a weighted
                  graph},
  institution =  {Insituto di Analisi dei Sistemi ed Informatica del CNR},
  year = 	 {1997},
  address = 	 {Viale Manzoni 30, 00185 Roma, Italy},
}

@Article{GP79,
  author = 	 {Martin Gr{\"o}tschel and Manfred W. Padberg},
  title = 	 {On the symmetric traveling salesman problem {II}: Lifting
                  theorems and facets},
  journal = 	 {Mathematical Programming},
  year = 	 {1979},
  volume = 	 {16},
  pages = 	 {281--302},
}


@Article{N92,
  author = 	 {Denis Naddef},
  title = 	 {The binested inequalities of the symmetric traveling
                  salesman polytope},
  journal = 	 {Mathematics of Operations Research},
  year = 	 {1992},
  volume = 	 {17},
  pages = 	 {882--900},
}

@InCollection{PG85,
  author = 	 {Manfred W. Padberg and Martin Gr{\"o}tschel},
  title = 	 {Polyhedral computations},
  booktitle = 	 {The traveling salesman problem},
  publisher = {John Wiley \& Sons},
  editor = 	 {E.L. Lawler and J.K. Lenstra and A.H.G. Rinooy Kan and 
                  D.B. Shmoys},
  address = 	 {Chichester},
  year    =      {1985},
  pages = 	 {307--360},
}

@Article{Fle88,
  author = 	 {B. Fleischmann},
  title = 	 {A new class of cutting planes of the symmetric traveling
                  salesman problem},
  journal = 	 {Mathematical Programming},
  year = 	 {1988},
  volume = 	 {40},
  pages = 	 {225--246},
}

@TechReport{NP98,
  author = 	 {Denis Naddef and Yves Pochet},
  title = 	 {The traveling salesman polytope revisited},
  institution =  {Universit{\'e} Joseph Fourier, Grenoble},
  year = 	 {1998},
  note = 	 {to appear},
}

@Article{KT86,
  author = 	 {A.V. Karzanov and E.A. Timofeev},
  title = 	 {Efficient algorithms for finding all minimal edge cuts
                  of a nonoriented graph},
  journal = 	 {Cybernetics},
  year = 	 {1986},
  volume = 	 {22},
  pages = 	 {156--162},
  note = 	 {Translated from {K}ibernetiak 2 (1986) pp.\ 8--12},
}

NSI91= : "" <italic>
</italic>, Vol 40-5 (1991) 610-614<italic>
@Article{NSI91,
  author = 	 {H. Nagamoshi and Z. Sun and T. Ibaraki},
  title = 	 {Counting the number of Minimum Cuts in 
                  Undirected Multigraphs},
  journal = 	 {IEEE Transaction on Reliability},
  year = 	 {1991},
  volume = 	 {40},
  number = 	 {5},
  pages = 	 {610--614},
}

@TechReport{NT98a,
  author = 	 {Denis Naddef and Stefan Thienel},
  title = 	 {Efficient separation routines for the symmetric traveling
                  salesman problem I: general tools and comb separation},
  institution =  {Universit{\"a}t zu K{\"o}ln},
  year = 	 {1998},
  note = 	 {to appear},
}

@TechReport{NT98b,
  author = 	 {Denis Naddef and Stefan Thienel},
  title = 	 {Efficient separation routines for the symmetric traveling
                  salesman problem II: separating multi handle inequalities},
  institution =  {Universit{\"a}t zu K{\"o}ln},
  year = 	 {1998},
  note = 	 {to appear},
}

@TechReport{JNS97,
  author = 	 {E.L. Johnson and G.L. Nemhauser and M.W.P. Savelsberg},
  title = 	 {Progress in Integer Programming: An Exposition},
  institution =  {Georgia Institute of Technology},
  year = 	 {1997},
}

@TechReport{MS95,
  author = 	 {B.A. Murtagh and Michael Saunders},
  title = 	 {MINOS 5.4 User's Guide},
  institution =  {Stanford University, Dept of Operations Research},
  year = 	 {1995},
}


@Article{Mar81,
  author = 	 {Roy Marsten},
  title = 	 {The design of the {XMP} linear programming library},
  journal = 	 {ACM Transations of Mathematical Software},
  year = 	 {1981},
  volume = 	 {7},
  pages = 	 {481--497},
}


@Manual{IBM79,
  title = 	 {{IBM} Mathematical Programming System Extended/370 
                  ({MPSX}/370), Mixed Integer Programming/370
                  ({MIP}/370)},
  organization = {{IBM} corporation},
  year = 	 {1979},
}


@Manual{Lin97,
  title = 	 {{LINDO} user's manual},
  organization = {{LINDO SYSTEMS Inc.}},
  year = 	 {1997},
}

